<record><leader>00000cas a22000007a 4500</leader><controlfield tag="001">18661610</controlfield><controlfield tag="008">881024c19859999txuwr ne      0    0eng d</controlfield><datafield ind1=" " ind2=" " tag="010"><subfield code="a">sn 88084284 </subfield></datafield><datafield ind1=" " ind2=" " tag="040"><subfield code="a">PPM</subfield><subfield code="b">eng</subfield><subfield code="c">PPM</subfield><subfield code="d">OCLCQ</subfield></datafield><datafield ind1=" " ind2=" " tag="042"><subfield code="a">msc</subfield></datafield><datafield ind1="0" ind2="4" tag="245"><subfield code="a">The Cushing news, the Mount Enterprise progress.</subfield></datafield><datafield ind1="3" ind2="0" tag="246"><subfield code="a">Mount Enterprise progress, the Cushing news</subfield></datafield><datafield ind1=" " ind2=" " tag="260"><subfield code="a">Mount Enterprise, Tex. :</subfield><subfield code="b">Nellie M. Compton</subfield></datafield><datafield ind1=" " ind2=" " tag="310"><subfield code="a">Weekly</subfield></datafield><datafield ind1="1" ind2=" " tag="362"><subfield code="a">Began Nov. 22, 1985?</subfield></datafield><datafield ind1=" " ind2=" " tag="500"><subfield code="a">Sometimes called: Mount Enterprise progress, the Cushing news &lt;1988-&gt;.</subfield></datafield><datafield ind1=" " ind2=" " tag="588"><subfield code="a">Description based on: Vol. 84, no. 47 (Nov. 29, 1985).</subfield></datafield><datafield ind1=" " ind2=" " tag="752"><subfield code="a">United States</subfield><subfield code="b">Texas</subfield><subfield code="c">Rusk</subfield><subfield code="d">Mount Enterprise.</subfield></datafield><datafield ind1="0" ind2="4" tag="780"><subfield code="a">Mount Enterprise progress</subfield></datafield><datafield ind1="0" ind2="4" tag="780"><subfield code="a">Cushing news</subfield></datafield></record>